<?xml version="1.0" encoding="UTF-8"?>
<OAI-PMH xmlns="http://www.openarchives.org/OAI/2.0/" xmlns:xsi="http://www.w3.org/2001/XMLSchema-instance" xsi:schemaLocation="http://www.openarchives.org/OAI/2.0/ http://www.openarchives.org/OAI/2.0/OAI-PMH.xsd">
  <ListRecords>
    <record>
      <header>
        <identifier>aleph-publish:000605735</identifier>
      </header>
      <metadata>
        <record xmlns="http://www.ddb.de/professionell/mabxml/mabxml-1.xsd">
          <leader>00000nM2.01200024------h</leader>
          <controlfield tag="LDR">00000nM2.01200024------h</controlfield>
          <controlfield tag="FMT">MH</controlfield>
          <datafield tag="001" ind1="-" ind2="1">
            <subfield code="a">HT004391949</subfield>
          </datafield>
          <datafield tag="002" ind1="a" ind2="1">
            <subfield code="a">19991121</subfield>
          </datafield>
          <datafield tag="003" ind1="-" ind2="1">
            <subfield code="a">20130514073544</subfield>
          </datafield>
          <datafield tag="020" ind1="a" ind2="1">
            <subfield code="a">1063127-6</subfield>
            <subfield code="b">DNB</subfield>
          </datafield>
          <datafield tag="025" ind1="a" ind2="1">
            <subfield code="a">015945332</subfield>
          </datafield>
          <datafield tag="025" ind1="z" ind2="1">
            <subfield code="a">1063127-6</subfield>
          </datafield>
          <datafield tag="025" ind1="o" ind2="1">
            <subfield code="a">85269640</subfield>
          </datafield>
          <datafield tag="026" ind1="-" ind2="1">
            <subfield code="a">ZDB1063127-6</subfield>
          </datafield>
          <controlfield tag="030">b|zucz|z|||37</controlfield>
          <datafield tag="036" ind1="a" ind2="1">
            <subfield code="a">XA-DE</subfield>
          </datafield>
          <datafield tag="037" ind1="b" ind2="1">
            <subfield code="a">ger</subfield>
          </datafield>
          <controlfield tag="050">a|a|||||||||||</controlfield>
          <controlfield tag="052">p||||||zm||||||</controlfield>
          <datafield tag="070" ind1="-" ind2="1">
            <subfield code="a">9001</subfield>
          </datafield>
          <datafield tag="070" ind1="a" ind2="1">
            <subfield code="a">DNB</subfield>
          </datafield>
          <datafield tag="070" ind1="b" ind2="1">
            <subfield code="a">0517</subfield>
          </datafield>
          <datafield tag="073" ind1="-" ind2="1">
            <subfield code="a">24,1</subfield>
          </datafield>
          <datafield tag="076" ind1="-" ind2="1">
            <subfield code="a">||a|||</subfield>
          </datafield>
          <datafield tag="331" ind1="-" ind2="1">
            <subfield code="a">Zeitschrift für Urheber- und Medienrecht</subfield>
          </datafield>
          <datafield tag="335" ind1="-" ind2="1">
            <subfield code="a">ZUM</subfield>
          </datafield>
          <datafield tag="370" ind1="a" ind2="1">
            <subfield code="a">ZUM</subfield>
          </datafield>
          <datafield tag="405" ind1="-" ind2="1">
            <subfield code="a">34.1990,11 -</subfield>
          </datafield>
          <datafield tag="410" ind1="-" ind2="1">
            <subfield code="a">Baden-Baden</subfield>
          </datafield>
          <datafield tag="412" ind1="-" ind2="1">
            <subfield code="a">Nomos</subfield>
          </datafield>
          <datafield tag="425" ind1="b" ind2="1">
            <subfield code="a">1990</subfield>
          </datafield>
          <datafield tag="435" ind1="-" ind2="1">
            <subfield code="a">30 cm</subfield>
          </datafield>
          <datafield tag="523" ind1="-" ind2="1">
            <subfield code="a">Ersch. monatl.</subfield>
          </datafield>
          <datafield tag="527" ind1="z" ind2="1">
            <subfield code="p">CD-ROM-Ausg. ---&gt;</subfield>
            <subfield code="a">Zeitschrift für Urheber- und Medienrecht</subfield>
            <subfield code="9">HT012978357</subfield>
          </datafield>
          <datafield tag="527" ind1="z" ind2="1">
            <subfield code="p">Online-Ausg. ---&gt;</subfield>
            <subfield code="a">Zeitschrift für Urheber- und Medienrecht</subfield>
            <subfield code="9">HT015878883</subfield>
          </datafield>
          <datafield tag="527" ind1="z" ind2="1">
            <subfield code="p">Sonderh. ---&gt;</subfield>
            <subfield code="a">Zeitschrift für Urheber- und Medienrecht / Sonderheft</subfield>
            <subfield code="9">HT007060341</subfield>
          </datafield>
          <datafield tag="531" ind1="z" ind2="1">
            <subfield code="p">Vorg. ---&gt;</subfield>
            <subfield code="a">Zeitschrift für Urheber- und Medienrecht, Film und Recht</subfield>
            <subfield code="9">HT007006020</subfield>
          </datafield>
          <datafield tag="542" ind1="a" ind2="1">
            <subfield code="a">0177-6762</subfield>
          </datafield>
          <datafield tag="545" ind1="a" ind2="1">
            <subfield code="a">ISSN 0177-6762</subfield>
          </datafield>
          <datafield tag="574" ind1="-" ind2="1">
            <subfield code="a">94,A39,0834</subfield>
          </datafield>
          <datafield tag="700" ind1="-" ind2="1">
            <subfield code="a">19</subfield>
            <subfield code="a">DNB</subfield>
          </datafield>
          <datafield tag="700" ind1="-" ind2="1">
            <subfield code="a">06</subfield>
            <subfield code="a">DNB</subfield>
          </datafield>
          <datafield tag="700" ind1="-" ind2="1">
            <subfield code="a">17</subfield>
            <subfield code="a">DNB</subfield>
          </datafield>
          <datafield tag="700" ind1="-" ind2="1">
            <subfield code="a">01</subfield>
            <subfield code="a">DNB</subfield>
          </datafield>
          <datafield tag="700" ind1="-" ind2="1">
            <subfield code="a">340</subfield>
            <subfield code="a">DNB</subfield>
          </datafield>
          <datafield tag="700" ind1="-" ind2="1">
            <subfield code="a">360</subfield>
            <subfield code="a">DNB</subfield>
          </datafield>
          <datafield tag="700" ind1="z" ind2="1">
            <subfield code="a">550</subfield>
          </datafield>
          <datafield tag="700" ind1="-" ind2="1">
            <subfield code="a">340</subfield>
            <subfield code="a">ZDB</subfield>
          </datafield>
          <datafield tag="700" ind1="z" ind2="1">
            <subfield code="a">540</subfield>
          </datafield>
          <datafield tag="700" ind1="w" ind2="1">
            <subfield code="a">012000*zs</subfield>
          </datafield>
          <datafield tag="700" ind1="g" ind2="1">
            <subfield code="a">PE 100 ; PM 3750</subfield>
          </datafield>
          <datafield tag="700" ind1="d" ind2="1">
            <subfield code="a">7.10b/XA-DE</subfield>
          </datafield>
          <datafield tag="700" ind1="d" ind2="1">
            <subfield code="a">7.5d;7.3/XA-DE</subfield>
          </datafield>
          <datafield tag="902" ind1="-" ind2="1">
            <subfield code="s">Urheberrecht</subfield>
            <subfield code="9">(DE-588)4062127-3</subfield>
          </datafield>
          <datafield tag="902" ind1="-" ind2="1">
            <subfield code="f">Zeitschrift</subfield>
          </datafield>
          <datafield tag="904" ind1="a" ind2="1">
            <subfield code="a">DE-101DE-101</subfield>
          </datafield>
          <datafield tag="907" ind1="-" ind2="1">
            <subfield code="s">Medienrecht</subfield>
            <subfield code="9">(DE-588)4074661-6</subfield>
          </datafield>
          <datafield tag="907" ind1="-" ind2="1">
            <subfield code="f">Zeitschrift</subfield>
          </datafield>
          <datafield tag="909" ind1="a" ind2="1">
            <subfield code="a">DE-101DE-101</subfield>
          </datafield>
          <datafield tag="912" ind1="-" ind2="1">
            <subfield code="s">Urheberrecht</subfield>
            <subfield code="9">(DE-588)4062127-3</subfield>
          </datafield>
          <datafield tag="912" ind1="-" ind2="1">
            <subfield code="s">Zeitschrift</subfield>
            <subfield code="9">(DE-588)4067488-5</subfield>
          </datafield>
          <datafield tag="914" ind1="a" ind2="1">
            <subfield code="a">DE-600DE-600</subfield>
          </datafield>
          <datafield tag="917" ind1="-" ind2="1">
            <subfield code="s">Medienrecht</subfield>
            <subfield code="9">(DE-588)4074661-6</subfield>
          </datafield>
          <datafield tag="917" ind1="-" ind2="1">
            <subfield code="s">Zeitschrift</subfield>
            <subfield code="9">(DE-588)4067488-5</subfield>
          </datafield>
          <datafield tag="919" ind1="a" ind2="1">
            <subfield code="a">DE-600DE-600</subfield>
          </datafield>
          <controlfield tag="SYS">000605735</controlfield>
          <datafield tag="016" ind1="-" ind2="1">
            <subfield code="a">940591510</subfield>
            <subfield code="b">DNB</subfield>
          </datafield>
          <datafield tag="406" ind1="b" ind2="1">
            <subfield code="e">11</subfield>
            <subfield code="j">1990</subfield>
          </datafield>
          <datafield tag="PSW" ind1="-" ind2="1">
            <subfield code="s">Periodikum</subfield>
            <subfield code="9">(DE-588)4067488-5</subfield>
          </datafield>
          <datafield tag="PSW" ind1="-" ind2="1">
            <subfield code="s">Zeitschriften</subfield>
            <subfield code="9">(DE-588)4067488-5</subfield>
          </datafield>
          <datafield tag="PSW" ind1="-" ind2="1">
            <subfield code="s">Periodikum</subfield>
            <subfield code="9">(DE-588)4067488-5</subfield>
          </datafield>
          <datafield tag="PSW" ind1="-" ind2="1">
            <subfield code="s">Zeitschriften</subfield>
            <subfield code="9">(DE-588)4067488-5</subfield>
          </datafield>
          <datafield tag="PSW" ind1="-" ind2="1">
            <subfield code="s">Copyright</subfield>
            <subfield code="9">(DE-588)4062127-3</subfield>
          </datafield>
          <datafield tag="PSW" ind1="-" ind2="1">
            <subfield code="s">Urheberrechtsschutz</subfield>
            <subfield code="9">(DE-588)4062127-3</subfield>
          </datafield>
          <datafield tag="PSW" ind1="-" ind2="1">
            <subfield code="s">Urheberschutz</subfield>
            <subfield code="9">(DE-588)4062127-3</subfield>
          </datafield>
          <datafield tag="PSW" ind1="-" ind2="1">
            <subfield code="s">Copyright</subfield>
            <subfield code="9">(DE-588)4062127-3</subfield>
          </datafield>
          <datafield tag="PSW" ind1="-" ind2="1">
            <subfield code="s">Urheberrechtsschutz</subfield>
            <subfield code="9">(DE-588)4062127-3</subfield>
          </datafield>
          <datafield tag="PSW" ind1="-" ind2="1">
            <subfield code="s">Urheberschutz</subfield>
            <subfield code="9">(DE-588)4062127-3</subfield>
          </datafield>
          <datafield tag="PSW" ind1="-" ind2="1">
            <subfield code="s">Copyright</subfield>
            <subfield code="9">(DE-588)4062127-3</subfield>
          </datafield>
          <datafield tag="PSW" ind1="-" ind2="1">
            <subfield code="s">Urheberrechtsschutz</subfield>
            <subfield code="9">(DE-588)4062127-3</subfield>
          </datafield>
          <datafield tag="PSW" ind1="-" ind2="1">
            <subfield code="s">Urheberschutz</subfield>
            <subfield code="9">(DE-588)4062127-3</subfield>
          </datafield>
          <datafield tag="PSW" ind1="-" ind2="1">
            <subfield code="s">Copyright</subfield>
            <subfield code="9">(DE-588)4062127-3</subfield>
          </datafield>
          <datafield tag="PSW" ind1="-" ind2="1">
            <subfield code="s">Urheberrechtsschutz</subfield>
            <subfield code="9">(DE-588)4062127-3</subfield>
          </datafield>
          <datafield tag="PSW" ind1="-" ind2="1">
            <subfield code="s">Urheberschutz</subfield>
            <subfield code="9">(DE-588)4062127-3</subfield>
          </datafield>
          <datafield tag="PSW" ind1="-" ind2="1">
            <subfield code="s">Copyright</subfield>
            <subfield code="9">(DE-588)4062127-3</subfield>
          </datafield>
          <datafield tag="PSW" ind1="-" ind2="1">
            <subfield code="s">Urheberrechtsschutz</subfield>
            <subfield code="9">(DE-588)4062127-3</subfield>
          </datafield>
          <datafield tag="PSW" ind1="-" ind2="1">
            <subfield code="s">Urheberschutz</subfield>
            <subfield code="9">(DE-588)4062127-3</subfield>
          </datafield>
          <datafield tag="PSW" ind1="-" ind2="1">
            <subfield code="s">Copyright</subfield>
            <subfield code="9">(DE-588)4062127-3</subfield>
          </datafield>
          <datafield tag="PSW" ind1="-" ind2="1">
            <subfield code="s">Urheberrechtsschutz</subfield>
            <subfield code="9">(DE-588)4062127-3</subfield>
          </datafield>
          <datafield tag="PSW" ind1="-" ind2="1">
            <subfield code="s">Urheberschutz</subfield>
            <subfield code="9">(DE-588)4062127-3</subfield>
          </datafield>
          <datafield tag="PSW" ind1="-" ind2="1">
            <subfield code="s">Periodikum</subfield>
            <subfield code="9">(DE-588)4067488-5</subfield>
          </datafield>
          <datafield tag="PSW" ind1="-" ind2="1">
            <subfield code="s">Zeitschriften</subfield>
            <subfield code="9">(DE-588)4067488-5</subfield>
          </datafield>
          <datafield tag="PSW" ind1="-" ind2="1">
            <subfield code="s">Periodikum</subfield>
            <subfield code="9">(DE-588)4067488-5</subfield>
          </datafield>
          <datafield tag="PSW" ind1="-" ind2="1">
            <subfield code="s">Zeitschriften</subfield>
            <subfield code="9">(DE-588)4067488-5</subfield>
          </datafield>
          <datafield tag="200" ind1=" " ind2=" ">
            <subfield code="0">1</subfield>
            <subfield code="b">38.1994 -</subfield>
            <subfield code="f">P 30/52 z 7</subfield>
          </datafield>
          <datafield tag="OWN" ind1=" " ind2=" ">
            <subfield code="a">P0001</subfield>
          </datafield>
          <datafield tag="PLK" ind1=" " ind2=" ">
            <subfield code="a">PAR</subfield>
            <subfield code="l">PAD01</subfield>
            <subfield code="b">000695045</subfield>
            <subfield code="m">Auch unter dem Titel:^Zeitschrift für Urheber- und Medienrecht.^1990</subfield>
            <subfield code="n">Auch unter dem Titel:^Zeitschrift für Urheber- und Medienrecht / Sonderheft.^1992</subfield>
          </datafield>
          <datafield tag="PLK" ind1=" " ind2=" ">
            <subfield code="a">PAR</subfield>
            <subfield code="l">PAD01</subfield>
            <subfield code="b">001209722</subfield>
            <subfield code="m">Auch unter dem Titel:^Zeitschrift für Urheber- und Medienrecht.^1990</subfield>
            <subfield code="n">Auch unter dem Titel:^Zeitschrift für Urheber- und Medienrecht.^1997</subfield>
          </datafield>
          <datafield tag="LOC" ind1=" " ind2=" ">
            <subfield code="m">ISSBD</subfield>
            <subfield code="a">P0001</subfield>
            <subfield code="b">30</subfield>
            <subfield code="d">52z7</subfield>
            <subfield code="g">48.2004</subfield>
            <subfield code="i">04:458</subfield>
            <subfield code="n">36</subfield>
            <subfield code="k">20040427</subfield>
            <subfield code="5">876248-210</subfield>
          </datafield>
          <datafield tag="LOC" ind1=" " ind2=" ">
            <subfield code="m">ISSBD</subfield>
            <subfield code="a">P0001</subfield>
            <subfield code="b">30</subfield>
            <subfield code="d">52z7</subfield>
            <subfield code="g">49.2005</subfield>
            <subfield code="i">05:512</subfield>
            <subfield code="n">36</subfield>
            <subfield code="k">20050412</subfield>
            <subfield code="5">876248-350</subfield>
          </datafield>
          <datafield tag="LOC" ind1=" " ind2=" ">
            <subfield code="m">ISSBD</subfield>
            <subfield code="a">P0001</subfield>
            <subfield code="b">30</subfield>
            <subfield code="d">52z7</subfield>
            <subfield code="g">50.2006</subfield>
            <subfield code="i">06:590</subfield>
            <subfield code="n">36</subfield>
            <subfield code="k">20080325</subfield>
            <subfield code="5">876248-580</subfield>
          </datafield>
          <datafield tag="LOC" ind1=" " ind2=" ">
            <subfield code="m">ISSBD</subfield>
            <subfield code="a">P0001</subfield>
            <subfield code="b">30</subfield>
            <subfield code="d">52z7</subfield>
            <subfield code="g">51.2007</subfield>
            <subfield code="i">07:454</subfield>
            <subfield code="n">36</subfield>
            <subfield code="k">20080519</subfield>
            <subfield code="5">876248-590</subfield>
          </datafield>
          <datafield tag="LOC" ind1=" " ind2=" ">
            <subfield code="m">ISSBD</subfield>
            <subfield code="a">P0001</subfield>
            <subfield code="b">30</subfield>
            <subfield code="d">52z7</subfield>
            <subfield code="g">52.2008</subfield>
            <subfield code="i">08:433</subfield>
            <subfield code="n">36</subfield>
            <subfield code="k">20090317</subfield>
            <subfield code="5">876248-710</subfield>
          </datafield>
          <datafield tag="LOC" ind1=" " ind2=" ">
            <subfield code="m">ISSBD</subfield>
            <subfield code="a">P0001</subfield>
            <subfield code="b">30</subfield>
            <subfield code="d">52z7</subfield>
            <subfield code="g">53.2009</subfield>
            <subfield code="i">09:222</subfield>
            <subfield code="n">36</subfield>
            <subfield code="k">20100820</subfield>
            <subfield code="5">876248-830</subfield>
          </datafield>
          <datafield tag="LOC" ind1=" " ind2=" ">
            <subfield code="m">ISSBD</subfield>
            <subfield code="a">P0001</subfield>
            <subfield code="b">30</subfield>
            <subfield code="d">52z7</subfield>
            <subfield code="g">54.2010</subfield>
            <subfield code="i">10:374</subfield>
            <subfield code="n">36</subfield>
            <subfield code="k">20110617</subfield>
            <subfield code="5">876248-950</subfield>
          </datafield>
          <datafield tag="LOC" ind1=" " ind2=" ">
            <subfield code="m">ISSBD</subfield>
            <subfield code="a">P0001</subfield>
            <subfield code="b">30</subfield>
            <subfield code="d">52z7</subfield>
            <subfield code="g">55.2011</subfield>
            <subfield code="i">11:289</subfield>
            <subfield code="n">36</subfield>
            <subfield code="k">20120601</subfield>
            <subfield code="5">876248-1070</subfield>
          </datafield>
          <datafield tag="LOC" ind1=" " ind2=" ">
            <subfield code="m">ISSUE</subfield>
            <subfield code="a">P0001</subfield>
            <subfield code="b">30</subfield>
            <subfield code="d">52z7</subfield>
            <subfield code="g">56.2012,1</subfield>
            <subfield code="n">32</subfield>
            <subfield code="k">00000000</subfield>
            <subfield code="5">876248-960</subfield>
          </datafield>
          <datafield tag="LOC" ind1=" " ind2=" ">
            <subfield code="m">ISSUE</subfield>
            <subfield code="a">P0001</subfield>
            <subfield code="b">30</subfield>
            <subfield code="d">52z7</subfield>
            <subfield code="g">56.2012,10</subfield>
            <subfield code="n">32</subfield>
            <subfield code="k">00000000</subfield>
            <subfield code="5">876248-1040</subfield>
          </datafield>
          <datafield tag="LOC" ind1=" " ind2=" ">
            <subfield code="m">ISSUE</subfield>
            <subfield code="a">P0001</subfield>
            <subfield code="b">30</subfield>
            <subfield code="d">52z7</subfield>
            <subfield code="g">56.2012,11</subfield>
            <subfield code="n">32</subfield>
            <subfield code="k">00000000</subfield>
            <subfield code="5">876248-1050</subfield>
          </datafield>
          <datafield tag="LOC" ind1=" " ind2=" ">
            <subfield code="m">ISSUE</subfield>
            <subfield code="a">P0001</subfield>
            <subfield code="b">30</subfield>
            <subfield code="d">52z7</subfield>
            <subfield code="g">56.2012,12</subfield>
            <subfield code="n">32</subfield>
            <subfield code="k">00000000</subfield>
            <subfield code="5">876248-1060</subfield>
          </datafield>
          <datafield tag="LOC" ind1=" " ind2=" ">
            <subfield code="m">ISSUE</subfield>
            <subfield code="a">P0001</subfield>
            <subfield code="b">30</subfield>
            <subfield code="d">52z7</subfield>
            <subfield code="g">56.2012,2</subfield>
            <subfield code="n">32</subfield>
            <subfield code="k">00000000</subfield>
            <subfield code="5">876248-970</subfield>
          </datafield>
          <datafield tag="LOC" ind1=" " ind2=" ">
            <subfield code="m">ISSUE</subfield>
            <subfield code="a">P0001</subfield>
            <subfield code="b">30</subfield>
            <subfield code="d">52z7</subfield>
            <subfield code="g">56.2012,3</subfield>
            <subfield code="n">32</subfield>
            <subfield code="k">00000000</subfield>
            <subfield code="5">876248-980</subfield>
          </datafield>
          <datafield tag="LOC" ind1=" " ind2=" ">
            <subfield code="m">ISSUE</subfield>
            <subfield code="a">P0001</subfield>
            <subfield code="b">30</subfield>
            <subfield code="d">52z7</subfield>
            <subfield code="g">56.2012,4 + Register 2011 (lose)</subfield>
            <subfield code="n">32</subfield>
            <subfield code="k">00000000</subfield>
            <subfield code="5">876248-990</subfield>
          </datafield>
          <datafield tag="LOC" ind1=" " ind2=" ">
            <subfield code="m">ISSUE</subfield>
            <subfield code="a">P0001</subfield>
            <subfield code="b">30</subfield>
            <subfield code="d">52z7</subfield>
            <subfield code="g">56.2012,5</subfield>
            <subfield code="n">32</subfield>
            <subfield code="k">00000000</subfield>
            <subfield code="5">876248-1000</subfield>
          </datafield>
          <datafield tag="LOC" ind1=" " ind2=" ">
            <subfield code="m">ISSUE</subfield>
            <subfield code="a">P0001</subfield>
            <subfield code="b">30</subfield>
            <subfield code="d">52z7</subfield>
            <subfield code="g">56.2012,6</subfield>
            <subfield code="n">32</subfield>
            <subfield code="k">00000000</subfield>
            <subfield code="5">876248-1010</subfield>
          </datafield>
          <datafield tag="LOC" ind1=" " ind2=" ">
            <subfield code="m">ISSUE</subfield>
            <subfield code="a">P0001</subfield>
            <subfield code="b">30</subfield>
            <subfield code="d">52z7</subfield>
            <subfield code="g">56.2012,7</subfield>
            <subfield code="n">32</subfield>
            <subfield code="k">00000000</subfield>
            <subfield code="5">876248-1020</subfield>
          </datafield>
          <datafield tag="LOC" ind1=" " ind2=" ">
            <subfield code="m">ISSUE</subfield>
            <subfield code="a">P0001</subfield>
            <subfield code="b">30</subfield>
            <subfield code="d">52z7</subfield>
            <subfield code="g">56.2012,8/9</subfield>
            <subfield code="n">32</subfield>
            <subfield code="k">00000000</subfield>
            <subfield code="5">876248-1030</subfield>
          </datafield>
          <datafield tag="LOC" ind1=" " ind2=" ">
            <subfield code="m">ISSUE</subfield>
            <subfield code="a">P0001</subfield>
            <subfield code="b">30</subfield>
            <subfield code="d">52z7</subfield>
            <subfield code="g">57.2013,1</subfield>
            <subfield code="n">32</subfield>
            <subfield code="k">00000000</subfield>
            <subfield code="5">876248-1080</subfield>
          </datafield>
          <datafield tag="LOC" ind1=" " ind2=" ">
            <subfield code="m">ISSUE</subfield>
            <subfield code="a">P0001</subfield>
            <subfield code="b">30</subfield>
            <subfield code="d">52z7</subfield>
            <subfield code="g">57.2013,10</subfield>
            <subfield code="n">32</subfield>
            <subfield code="k">00000000</subfield>
            <subfield code="5">876248-1160</subfield>
          </datafield>
          <datafield tag="LOC" ind1=" " ind2=" ">
            <subfield code="m">ISSUE</subfield>
            <subfield code="a">P0001</subfield>
            <subfield code="b">30</subfield>
            <subfield code="d">52z7</subfield>
            <subfield code="g">57.2013,11</subfield>
            <subfield code="n">32</subfield>
            <subfield code="k">00000000</subfield>
            <subfield code="5">876248-1170</subfield>
          </datafield>
          <datafield tag="LOC" ind1=" " ind2=" ">
            <subfield code="m">ISSUE</subfield>
            <subfield code="a">P0001</subfield>
            <subfield code="b">30</subfield>
            <subfield code="d">52z7</subfield>
            <subfield code="g">57.2013,12</subfield>
            <subfield code="n">32</subfield>
            <subfield code="k">00000000</subfield>
            <subfield code="5">876248-1180</subfield>
          </datafield>
          <datafield tag="LOC" ind1=" " ind2=" ">
            <subfield code="m">ISSUE</subfield>
            <subfield code="a">P0001</subfield>
            <subfield code="b">30</subfield>
            <subfield code="d">52z7</subfield>
            <subfield code="g">57.2013,2</subfield>
            <subfield code="n">32</subfield>
            <subfield code="k">00000000</subfield>
            <subfield code="5">876248-1090</subfield>
          </datafield>
          <datafield tag="LOC" ind1=" " ind2=" ">
            <subfield code="m">ISSUE</subfield>
            <subfield code="a">P0001</subfield>
            <subfield code="b">30</subfield>
            <subfield code="d">52z7</subfield>
            <subfield code="g">57.2013,3</subfield>
            <subfield code="n">32</subfield>
            <subfield code="k">00000000</subfield>
            <subfield code="5">876248-1100</subfield>
          </datafield>
          <datafield tag="LOC" ind1=" " ind2=" ">
            <subfield code="m">ISSUE</subfield>
            <subfield code="a">P0001</subfield>
            <subfield code="b">30</subfield>
            <subfield code="d">52z7</subfield>
            <subfield code="g">57.2013,4</subfield>
            <subfield code="n">32</subfield>
            <subfield code="k">00000000</subfield>
            <subfield code="5">876248-1110</subfield>
          </datafield>
          <datafield tag="LOC" ind1=" " ind2=" ">
            <subfield code="m">ISSUE</subfield>
            <subfield code="a">P0001</subfield>
            <subfield code="b">30</subfield>
            <subfield code="d">52z7</subfield>
            <subfield code="g">57.2013,5 + Register 2012 (lose)</subfield>
            <subfield code="n">32</subfield>
            <subfield code="k">00000000</subfield>
            <subfield code="5">876248-1120</subfield>
          </datafield>
          <datafield tag="LOC" ind1=" " ind2=" ">
            <subfield code="m">ISSUE</subfield>
            <subfield code="a">P0001</subfield>
            <subfield code="b">30</subfield>
            <subfield code="d">52z7</subfield>
            <subfield code="g">57.2013,6</subfield>
            <subfield code="n">32</subfield>
            <subfield code="k">00000000</subfield>
            <subfield code="5">876248-1130</subfield>
          </datafield>
          <datafield tag="LOC" ind1=" " ind2=" ">
            <subfield code="m">ISSUE</subfield>
            <subfield code="a">P0001</subfield>
            <subfield code="b">30</subfield>
            <subfield code="d">52z7</subfield>
            <subfield code="g">57.2013,7</subfield>
            <subfield code="n">32</subfield>
            <subfield code="k">00000000</subfield>
            <subfield code="5">876248-1140</subfield>
          </datafield>
          <datafield tag="LOC" ind1=" " ind2=" ">
            <subfield code="m">ISSUE</subfield>
            <subfield code="a">P0001</subfield>
            <subfield code="b">30</subfield>
            <subfield code="d">52z7</subfield>
            <subfield code="g">57.2013,8/9</subfield>
            <subfield code="n">32</subfield>
            <subfield code="k">00000000</subfield>
            <subfield code="5">876248-1150</subfield>
          </datafield>
        </record>
      </metadata>
    </record>
  </ListRecords>
</OAI-PMH>
